@techreport{Anselin11,
author = {Luc Anselin},
title = {{GMM} Estimation of Spatial Error Autocorrelation with and without Heteroskedasticity},
year = {2011},
note = {Available at \url{https://geodacenter.asu.edu/software/downloads/geodaspace}},
institution = {{GeoDa Center for Geospatial Analysis and Computation -- Arizona State University}}
}
@article{Arraiz10,
author = {Arraiz, I. and Drukker, D. M. and Kelejian, H. H. and Prucha, I. R.},
journal = {Journal of Regional Science},
pages = {592--614},
title = {A spatial {Cliff-Ord-type} model with heteroskedastic innovations: small and large sample results},
volume = {50},
year = {2010}
}
@article{Drukker10,
author = {Drukker, D. M. and Egger, P. and Prucha, I. R.},
journal = {{Working paper, Department of Economics, University of Maryland, College Park, MD}},
title = {On two-step estimation of a spatial autoregressive model with autoregressive disturbances and endogenous regressors},
year = {2010}
}
@article{Drukker11,
author = {Drukker, D. M. and Prucha, I. R. and Raciborski, R.},
journal = {The Stata Journal},
pages = {1--13},
title = {A command for estimating spatial-autoregressive models with spatial-autoregressive disturbances and additional endogenous variables},
volume = {1},
year = {2011}
}
@article{Rey07,
author = {Rey, S. and Anselin, L.},
journal = {The Review of Regional Studies},
pages = {5-27},
number = {1},
title = {{PySAL, a python library of spatial analytical methods}},
volume = {37},
year = {2007}
}
@article{Kelejian98,
author = {Harry H. Kelejian and Ingmar R. Prucha},
journal = {Journal of Real Estate Finance and Economics},
title = {A Generalized Spatial Two-Stage Least Squares Procedures for Estimating a Spatial Autoregressive Model with Autoregressive Disturbances},
volume = {17},
number = {1},
year = {1998},
pages = {99-121}
}
@article{Kelejian99,
author = {Harry H. Kelejian and Ingmar R. Prucha},
journal = {International Economic Review},
title = {A Generalized Moments Estimator for the Autoregressive Parameter in a Spatial Model},
volume = {40},
number = {2},
year = {1999},
pages = {509-33}
}
