%% This BibTeX bibliography file was created using BibDesk.
%% http://bibdesk.sourceforge.net/


%% Created for Elizabeth Mack at 2010-07-16 17:09:53 -0700 


%% Saved with string encoding Unicode (UTF-8) 



@article{tango1999comparison,
	Author = {Tango, T.},
	Date-Added = {2010-07-16 16:45:13 -0700},
	Date-Modified = {2010-07-16 16:45:13 -0700},
	Journal = {Disease Mapping and Risk Assessment for Public Health},
	Pages = {111--116},
	Title = {Comparison of general tests for spatial clustering},
	Year = {1999}}

@article{swartz1998entropy,
	Author = {Swartz, PD},
	Date-Added = {2010-07-16 16:44:35 -0700},
	Date-Modified = {2010-07-16 16:44:35 -0700},
	Journal = {Health and Place},
	Number = {1},
	Pages = {67--77},
	Publisher = {Elsevier},
	Title = {An entropy-based algorithm for detecting clusters of cases and controls and its comparison with a method using nearest neighbours},
	Volume = {4},
	Year = {1998}}

@article{openshaw1987mark,
	Author = {Openshaw, S. and Charlton, M. and Wymer, C. and Craft, A.},
	Date-Added = {2010-07-16 16:43:10 -0700},
	Date-Modified = {2010-07-16 16:43:10 -0700},
	Journal = {International Journal of Geographical Information Science},
	Number = {4},
	Pages = {335--358},
	Publisher = {Taylor \& Francis},
	Title = {A mark 1 geographical analysis machine for the automated analysis of point data sets},
	Volume = {1},
	Year = {1987}}

@article{aldstadt2006using,
	Author = {Aldstadt, J. and Getis, A.},
	Date-Added = {2010-07-16 16:41:57 -0700},
	Date-Modified = {2010-07-16 16:41:57 -0700},
	Journal = {Geographical Analysis},
	Number = {4},
	Pages = {327--343},
	Publisher = {John Wiley \& Sons},
	Title = {Using AMOEBA to create a spatial weights matrix and identify spatial clusters},
	Volume = {38},
	Year = {2006}}

@article{getisfranklin1987second,
	Author = {A. Getis and J. Franklin},
	Date-Added = {2010-07-16 16:39:44 -0700},
	Date-Modified = {2010-07-16 16:41:31 -0700},
	Journal = {Ecology},
	Pages = {473-477},
	Title = {{Second-order neighborhood analysis of mapped point patterns}},
	Volume = {68},
	Year = {1987}}

@article{kulldorff1995spatial,
	Author = {Kulldorff, M. and Nagarwalla, N.},
	Date-Added = {2010-07-16 16:38:04 -0700},
	Date-Modified = {2010-07-16 16:38:04 -0700},
	Journal = {Statistics in medicine},
	Number = {8},
	Pages = {799--810},
	Publisher = {John Wiley \& Sons},
	Title = {Spatial disease clusters: detection and inference},
	Volume = {14},
	Year = {1995}}

@article{rogerson1999detection,
	Author = {Rogerson, P.A.},
	Date-Added = {2010-07-16 16:37:35 -0700},
	Date-Modified = {2010-07-16 16:37:35 -0700},
	Journal = {Geographical Analysis},
	Number = {1},
	Pages = {130--147},
	Title = {The detection of clusters using a spatial version of the chi-square goodness-of-fit statistic},
	Volume = {31},
	Year = {1999}}

@article{kwan1998space,
	Author = {Kwan, M.P.},
	Date-Added = {2010-07-16 16:23:32 -0700},
	Date-Modified = {2010-07-16 16:23:32 -0700},
	Journal = {Geographical Analysis},
	Number = {3},
	Pages = {191--216},
	Title = {Space-time and integral measures of individual accessibility: A comparative analysis using a point-based framework},
	Volume = {30},
	Year = {1998}}

@article{moran1948interpretation,
	Author = {P.A.P Moran},
	Date-Added = {2010-07-16 10:55:12 -0700},
	Date-Modified = {2010-07-16 10:56:47 -0700},
	Journal = {Journal of the Royal Statistical Society Series B},
	Number = {2},
	Pages = {243-251},
	Title = {The interpretation of statistical maps},
	Volume = {10},
	Year = {1948}}

@article{getisord1992distance,
	Author = {A. Getis and J.K. Ord},
	Date-Added = {2010-07-16 10:51:11 -0700},
	Date-Modified = {2010-07-16 10:52:34 -0700},
	Journal = {Geographical Analysis},
	Keywords = {spatial autocorrelation},
	Number = {3},
	Pages = {189-206},
	Title = {{The analysis of spatial association by use of distance statistics}},
	Volume = {24},
	Year = {1992}}

@article{anselin1995local,
	Author = {Anselin, L.},
	Date-Added = {2010-07-16 10:48:46 -0700},
	Date-Modified = {2010-07-16 10:48:46 -0700},
	Journal = {Geographical analysis},
	Number = {2},
	Pages = {93--115},
	Title = {Local indicators of spatial association-LISA},
	Volume = {27},
	Year = {1995}}

@article{getis2010analysis,
	Author = {Getis, A. and Ord, J.K.},
	Date-Added = {2010-07-16 10:44:01 -0700},
	Date-Modified = {2010-07-16 10:44:01 -0700},
	Journal = {Perspectives on Spatial Data Analysis},
	Pages = {127--145},
	Publisher = {Springer},
	Title = {The analysis of spatial association by use of distance statistics},
	Year = {2010}}

@article{dijkstra1959note,
	Author = {E. W. Dijkstra},
	Date-Added = {2010-07-15 22:20:00 -0700},
	Date-Modified = {2010-07-15 22:20:58 -0700},
	Journal = {Numerische mathematik},
	Keywords = {shortest path, network},
	Pages = {269-271},
	Title = {{A note on two problems in connexion with graphs}},
	Volume = {1},
	Year = {1959}}

@article{shiode2008analysis,
	Author = {Shiode, S.},
	Date-Added = {2010-07-15 22:16:42 -0700},
	Date-Modified = {2010-07-15 22:16:42 -0700},
	Journal = {Geographical Analysis},
	Number = {4},
	Pages = {380--400},
	Publisher = {John Wiley \& Sons},
	Title = {Analysis of a distribution of point events using the network-based quadrat method},
	Volume = {40},
	Year = {2008}}

@article{porta2009street,
	Author = {Porta, S. and Latora, V. and Wang, F. and Strano, E. and Cardillo, A. and Scellato, S. and Iacoviello, V. and Messora, R.},
	Date-Added = {2010-07-15 22:12:51 -0700},
	Date-Modified = {2010-07-15 22:12:51 -0700},
	Journal = {Environment and Planning B: Planning and Design},
	Number = {3},
	Pages = {450--465},
	Title = {Street centrality and densities of retail and services in Bologna, Italy},
	Volume = {36},
	Year = {2009}}

@article{okabekitamura1996,
	Author = {A. Okabe and M. Kitamura},
	Date-Added = {2010-07-15 22:09:18 -0700},
	Date-Modified = {2010-07-15 22:10:50 -0700},
	Journal = {Geographical Analysis},
	Keywords = {network, GIS, market area},
	Pages = {330-349},
	Title = {{A computational method for market area analysis on a network}},
	Volume = {28},
	Year = {1996}}

@article{spooner2004spatial,
	Author = {Spooner, P.G. and Lunt, I.D. and Okabe, A. and Shiode, S.},
	Date-Added = {2010-07-15 22:05:05 -0700},
	Date-Modified = {2010-07-15 22:05:05 -0700},
	Journal = {Landscape ecology},
	Keywords = {kernel density},
	Number = {5},
	Pages = {491--499},
	Publisher = {Springer},
	Title = {Spatial analysis of roadside Acacia populations on a road network using the network K-function},
	Volume = {19},
	Year = {2004},
	Bdsk-File-1 = {YnBsaXN0MDDUAQIDBAUIJidUJHRvcFgkb2JqZWN0c1gkdmVyc2lvblkkYXJjaGl2ZXLRBgdUcm9vdIABqAkKFRYXGyIjVSRudWxs0wsMDQ4RFFpOUy5vYmplY3RzV05TLmtleXNWJGNsYXNzog8QgASABqISE4ACgAOAB1lhbGlhc0RhdGFccmVsYXRpdmVQYXRo0hgNGRpXTlMuZGF0YU8RBFQAAAAABFQAAgAABUdlb0RhAAAAAAAAAAAAAAAAAAAAAAAAAAAAAAAAAABIKwABAAAANh9TcG9vbmVyX0x1bnRfT2thYmVfU2hpb2QjOEYucGRmAAAAAAAAAAAAAAAAAAAAAAAAAAAAAAAAAAAAAAAAAAAAAACPAAAAAFBERiBDQVJP/////wAAERFhcwAAAAAAAAAAAAAAAAAHTklKX0xpdAAAEAAIAAAAAAAAAAAAEQAIAAAAAAAAAAAAAQAQAAAANgAAACoAAAAmAAAAEgACAEdHZW9EYTpQcm9qZWN0czpOSUo6UHVibGljYXRpb25zOk5JSl9MaXQ6U3Bvb25lcl9MdW50X09rYWJlX1NoaW9kIzhGLnBkZgAADgBEACEAUwBwAG8AbwBuAGUAcgBfAEwAdQBuAHQAXwBPAGsAYQBiAGUAXwBTAGgAaQBvAGQAZQAyADAAMAA0AC4AcABkAGYADwAMAAUARwBlAG8ARABhABIARC9Qcm9qZWN0cy9OSUovUHVibGljYXRpb25zL05JSl9MaXQvU3Bvb25lcl9MdW50X09rYWJlX1NoaW9kZTIwMDQucGRmABMADi9Wb2x1bWVzL0dlb0RhAAkCfwJ/YWZwbQCABAQACAAmAEYAagCqAOoBLgBhATcBVwAAAQACdQAAAAAAAAAAAAAAAAAAAAAAAAAAAAAAAAAAAAAAAAAAAAAHZ2VvZHVkZQAAAAAAAAAAAAAAAAAAAAAAAAAAAAAAAAAAAAAFR2VvRGEAAAAAAAAAAAAAAAAAAAAAAAAAAAAAAAAAAAAAAAAAAAAAAAAAAAAAAAAAAAAAAAAAAAAAAAAAAAAAB2VhbWFjazEAAAAAAAAAAAAAAAAAAAAAAAAAAAAAAAAAAAAAAAAAAAAAAAAAAAAAAAAAAAAAAAAAAAAAAAAAAAAAAAAAAAAAAAAAAAAAAAAAAAAAAAAAAAAAAAAAAAAAAAAAAAAAAAAAAAAAAAAAAAAAAAAAAAAAAAAAAAAAAAAAAAAAAAAAAAAAAAAAAAAAAAAAAAAAAAAAAAAAAAAAAAAAAAAAAAAAAAAAAAAAAhEEZ2VvZHVkZS5hc3UuZWR1CAKVqYdHAiQAAAAAAAAAAAAAAAAAAAAAAAAAAAAAAAAAAAAAAAAAAAAAAAAAAAAAAAAAAAAAAAAAAAAAAAAAAAAAAAAAAAAAAAAAAAAAAAAAAAAAAAAAAAAAAAAAAAAAAAAAAAAAAAAAAAAAAAAAAAAAAAAAAAAAAAAAAAAAAAAAAAAAAAAAAAAAAAAAAAAAAAAAAAAAAAAAAAAAAAAAAAAAAAAAAAAAAAAAAAAAAAAAAAAAAAAAAAAAAAAAAAAAAAAAAAAAAAAAAAAAAAAAAAAAAAAAAAAAAAAAAAAAAAAAAAAAAAAAAAAAAAAAAAAAAAAAAAAAAAAAAAAAAAAAAAAAAAAAAAAAAAAAAAdlYW1hY2sxAAD//wAAgAXSHB0eH1gkY2xhc3Nlc1okY2xhc3NuYW1lox8gIV1OU011dGFibGVEYXRhVk5TRGF0YVhOU09iamVjdF8QXS4uLy4uLy4uLy4uL1ZvbHVtZXMvR2VvRGEvUHJvamVjdHMvTklKL1B1YmxpY2F0aW9ucy9OSUpfTGl0L1Nwb29uZXJfTHVudF9Pa2FiZV9TaGlvZGUyMDA0LnBkZtIcHSQloiUhXE5TRGljdGlvbmFyeRIAAYagXxAPTlNLZXllZEFyY2hpdmVyAAgAEQAWAB8AKAAyADUAOgA8AEUASwBSAF0AZQBsAG8AcQBzAHYAeAB6AHwAhgCTAJgAoAT4BPoE/wUIBRMFFwUlBSwFNQWVBZoFnQWqBa8AAAAAAAACAQAAAAAAAAAoAAAAAAAAAAAAAAAAAAAFwQ==}}

@article{okabe2001computational,
	Author = {Okabe, A. and Okunuki, K.},
	Date-Added = {2010-07-15 22:02:14 -0700},
	Date-Modified = {2010-07-15 22:02:14 -0700},
	Journal = {Transactions in GIS},
	Number = {3},
	Pages = {209--220},
	Publisher = {John Wiley \& Sons},
	Title = {A computational method for estimating the demand of retail stores on a street network and its implementation in GIS},
	Volume = {5},
	Year = {2001}}

@article{miller1994market,
	Author = {Miller, HJ},
	Date-Added = {2010-07-15 21:50:37 -0700},
	Date-Modified = {2010-07-15 21:50:37 -0700},
	Journal = {Geographical Systems},
	Number = {2},
	Pages = {157--173},
	Title = {Market area delimitation within networks using geographic information systems},
	Volume = {1},
	Year = {1994}}

@article{kulldorff2006cancer,
	Author = {Kulldorff, M. and Song, C. and Gregorio, D. and Samociuk, H. and DeChello, L.},
	Date-Added = {2010-07-15 21:47:57 -0700},
	Date-Modified = {2010-07-15 21:47:57 -0700},
	Journal = {American journal of preventive medicine},
	Keywords = {simulation, statistical comparisons},
	Number = {2S},
	Pages = {37--49},
	Publisher = {Elsevier},
	Title = {Cancer Map Patterns Are They Random or Not?},
	Volume = {30},
	Year = {2006},
	Bdsk-File-1 = {YnBsaXN0MDDUAQIDBAUIJidUJHRvcFgkb2JqZWN0c1gkdmVyc2lvblkkYXJjaGl2ZXLRBgdUcm9vdIABqAkKFRYXGyIjVSRudWxs0wsMDQ4RFFpOUy5vYmplY3RzV05TLmtleXNWJGNsYXNzog8QgASABqISE4ACgAOAB1lhbGlhc0RhdGFccmVsYXRpdmVQYXRo0hgNGRpXTlMuZGF0YU8RBCoAAAAABCoAAgAABUdlb0RhAAAAAAAAAAAAAAAAAAAAAAAAAAAAAAAAAABIKwABAAAANhZLdWxsZG9yZmZfZXRhbDIwMDYucGRmAAAAAAAAAAAAAAAAAAAAAAAAAAAAAAAAAAAAAAAAAAAAAAAAAAAAAAAAAABsAAAAAFBERiBDQVJP/////wAAERFhcwAAAAAAAAAAAAAAAAAHTklKX0xpdAAAEAAIAAAAAAAAAAAAEQAIAAAAAAAAAAAAAQAQAAAANgAAACoAAAAmAAAAEgACAD5HZW9EYTpQcm9qZWN0czpOSUo6UHVibGljYXRpb25zOk5JSl9MaXQ6S3VsbGRvcmZmX2V0YWwyMDA2LnBkZgAOAC4AFgBLAHUAbABsAGQAbwByAGYAZgBfAGUAdABhAGwAMgAwADAANgAuAHAAZABmAA8ADAAFAEcAZQBvAEQAYQASADkvUHJvamVjdHMvTklKL1B1YmxpY2F0aW9ucy9OSUpfTGl0L0t1bGxkb3JmZl9ldGFsMjAwNi5wZGYAABMADi9Wb2x1bWVzL0dlb0RhAAkCfwJ/YWZwbQCABAQACAAmAEYAagCqAOoBLgBhATcBVwAAAQACdQAAAAAAAAAAAAAAAAAAAAAAAAAAAAAAAAAAAAAAAAAAAAAHZ2VvZHVkZQAAAAAAAAAAAAAAAAAAAAAAAAAAAAAAAAAAAAAFR2VvRGEAAAAAAAAAAAAAAAAAAAAAAAAAAAAAAAAAAAAAAAAAAAAAAAAAAAAAAAAAAAAAAAAAAAAAAAAAAAAAB2VhbWFjazEAAAAAAAAAAAAAAAAAAAAAAAAAAAAAAAAAAAAAAAAAAAAAAAAAAAAAAAAAAAAAAAAAAAAAAAAAAAAAAAAAAAAAAAAAAAAAAAAAAAAAAAAAAAAAAAAAAAAAAAAAAAAAAAAAAAAAAAAAAAAAAAAAAAAAAAAAAAAAAAAAAAAAAAAAAAAAAAAAAAAAAAAAAAAAAAAAAAAAAAAAAAAAAAAAAAAAAAAAAAAAAhEEZ2VvZHVkZS5hc3UuZWR1CAKVqYdHAiQAAAAAAAAAAAAAAAAAAAAAAAAAAAAAAAAAAAAAAAAAAAAAAAAAAAAAAAAAAAAAAAAAAAAAAAAAAAAAAAAAAAAAAAAAAAAAAAAAAAAAAAAAAAAAAAAAAAAAAAAAAAAAAAAAAAAAAAAAAAAAAAAAAAAAAAAAAAAAAAAAAAAAAAAAAAAAAAAAAAAAAAAAAAAAAAAAAAAAAAAAAAAAAAAAAAAAAAAAAAAAAAAAAAAAAAAAAAAAAAAAAAAAAAAAAAAAAAAAAAAAAAAAAAAAAAAAAAAAAAAAAAAAAAAAAAAAAAAAAAAAAAAAAAAAAAAAAAAAAAAAAAAAAAAAAAAAAAAAAAAAAAAAAAdlYW1hY2sxAAD//wAAgAXSHB0eH1gkY2xhc3Nlc1okY2xhc3NuYW1lox8gIV1OU011dGFibGVEYXRhVk5TRGF0YVhOU09iamVjdF8QUi4uLy4uLy4uLy4uL1ZvbHVtZXMvR2VvRGEvUHJvamVjdHMvTklKL1B1YmxpY2F0aW9ucy9OSUpfTGl0L0t1bGxkb3JmZl9ldGFsMjAwNi5wZGbSHB0kJaIlIVxOU0RpY3Rpb25hcnkSAAGGoF8QD05TS2V5ZWRBcmNoaXZlcgAIABEAFgAfACgAMgA1ADoAPABFAEsAUgBdAGUAbABvAHEAcwB2AHgAegB8AIYAkwCYAKAEzgTQBNUE3gTpBO0E+wUCBQsFYAVlBWgFdQV6AAAAAAAAAgEAAAAAAAAAKAAAAAAAAAAAAAAAAAAABYw=}}

@article{kulldorff2006tests,
	Annote = {-Nice overview of tests for spatial randomness},
	Author = {Kulldorff, Martin.},
	Date-Added = {2010-07-15 21:40:17 -0700},
	Date-Modified = {2010-07-15 21:40:17 -0700},
	Journal = {American Statistical Association},
	Keywords = {tests, inhomogeneous, simulation},
	Number = {475},
	Pages = {1289-1305},
	Title = {{Tests of Spatial Randomness Adjusted for an Inhomogeneity}},
	Volume = {101},
	Year = {2006}}

@conference{downs2007characterising,
	Author = {Downs, JA and Horner, MW},
	Booktitle = {Proceedings of the 2007 GIS Research UK Annual Conference},
	Date-Added = {2010-07-15 21:39:40 -0700},
	Date-Modified = {2010-07-15 21:39:40 -0700},
	Keywords = {kernel density},
	Pages = {11--13},
	Title = {Characterising linear point patterns},
	Year = {2007},
	Bdsk-File-1 = {YnBsaXN0MDDUAQIDBAUIJidUJHRvcFgkb2JqZWN0c1gkdmVyc2lvblkkYXJjaGl2ZXLRBgdUcm9vdIABqAkKFRYXGyIjVSRudWxs0wsMDQ4RFFpOUy5vYmplY3RzV05TLmtleXNWJGNsYXNzog8QgASABqISE4ACgAOAB1lhbGlhc0RhdGFccmVsYXRpdmVQYXRo0hgNGRpXTlMuZGF0YU8RBCIAAAAABCIAAgAABUdlb0RhAAAAAAAAAAAAAAAAAAAAAAAAAAAAAAAAAABIKwABAAAANhREb3duc19Ib3JuZXIyMDA3LnBkZgAAAAAAAAAAAAAAAAAAAAAAAAAAAAAAAAAAAAAAAAAAAAAAAAAAAAAAAAAAAABdAAAAAFBERiBDQVJP/////wAAERFhcwAAAAAAAAAAAAAAAAAHTklKX0xpdAAAEAAIAAAAAAAAAAAAEQAIAAAAAAAAAAAAAQAQAAAANgAAACoAAAAmAAAAEgACADxHZW9EYTpQcm9qZWN0czpOSUo6UHVibGljYXRpb25zOk5JSl9MaXQ6RG93bnNfSG9ybmVyMjAwNy5wZGYADgAqABQARABvAHcAbgBzAF8ASABvAHIAbgBlAHIAMgAwADAANwAuAHAAZABmAA8ADAAFAEcAZQBvAEQAYQASADcvUHJvamVjdHMvTklKL1B1YmxpY2F0aW9ucy9OSUpfTGl0L0Rvd25zX0hvcm5lcjIwMDcucGRmAAATAA4vVm9sdW1lcy9HZW9EYQAJAn8Cf2FmcG0AgAQEAAgAJgBGAGoAqgDqAS4AYQE3AVcAAAEAAnUAAAAAAAAAAAAAAAAAAAAAAAAAAAAAAAAAAAAAAAAAAAAAB2dlb2R1ZGUAAAAAAAAAAAAAAAAAAAAAAAAAAAAAAAAAAAAABUdlb0RhAAAAAAAAAAAAAAAAAAAAAAAAAAAAAAAAAAAAAAAAAAAAAAAAAAAAAAAAAAAAAAAAAAAAAAAAAAAAAAdlYW1hY2sxAAAAAAAAAAAAAAAAAAAAAAAAAAAAAAAAAAAAAAAAAAAAAAAAAAAAAAAAAAAAAAAAAAAAAAAAAAAAAAAAAAAAAAAAAAAAAAAAAAAAAAAAAAAAAAAAAAAAAAAAAAAAAAAAAAAAAAAAAAAAAAAAAAAAAAAAAAAAAAAAAAAAAAAAAAAAAAAAAAAAAAAAAAAAAAAAAAAAAAAAAAAAAAAAAAAAAAAAAAAAAAIRBGdlb2R1ZGUuYXN1LmVkdQgClamHRwIkAAAAAAAAAAAAAAAAAAAAAAAAAAAAAAAAAAAAAAAAAAAAAAAAAAAAAAAAAAAAAAAAAAAAAAAAAAAAAAAAAAAAAAAAAAAAAAAAAAAAAAAAAAAAAAAAAAAAAAAAAAAAAAAAAAAAAAAAAAAAAAAAAAAAAAAAAAAAAAAAAAAAAAAAAAAAAAAAAAAAAAAAAAAAAAAAAAAAAAAAAAAAAAAAAAAAAAAAAAAAAAAAAAAAAAAAAAAAAAAAAAAAAAAAAAAAAAAAAAAAAAAAAAAAAAAAAAAAAAAAAAAAAAAAAAAAAAAAAAAAAAAAAAAAAAAAAAAAAAAAAAAAAAAAAAAAAAAAAAAAAAAAAAAHZWFtYWNrMQAA//8AAIAF0hwdHh9YJGNsYXNzZXNaJGNsYXNzbmFtZaMfICFdTlNNdXRhYmxlRGF0YVZOU0RhdGFYTlNPYmplY3RfEFAuLi8uLi8uLi8uLi9Wb2x1bWVzL0dlb0RhL1Byb2plY3RzL05JSi9QdWJsaWNhdGlvbnMvTklKX0xpdC9Eb3duc19Ib3JuZXIyMDA3LnBkZtIcHSQloiUhXE5TRGljdGlvbmFyeRIAAYagXxAPTlNLZXllZEFyY2hpdmVyAAgAEQAWAB8AKAAyADUAOgA8AEUASwBSAF0AZQBsAG8AcQBzAHYAeAB6AHwAhgCTAJgAoATGBMgEzQTWBOEE5QTzBPoFAwVWBVsFXgVrBXAAAAAAAAACAQAAAAAAAAAoAAAAAAAAAAAAAAAAAAAFgg==}}

@article{cheng2005experimental,
	Author = {Cheng, W. and Washington, S.P.},
	Date-Added = {2010-07-15 21:29:40 -0700},
	Date-Modified = {2010-07-15 21:29:40 -0700},
	Journal = {Accident Analysis \& Prevention},
	Number = {5},
	Pages = {870--881},
	Publisher = {Elsevier},
	Title = {Experimental evaluation of hotspot identification methods},
	Volume = {37},
	Year = {2005}}

@article{yamada2007local,
	Author = {Yamada, I. and Thill, J.C.},
	Date-Added = {2010-07-15 21:27:30 -0700},
	Date-Modified = {2010-07-15 21:27:30 -0700},
	Journal = {Geographical Analysis},
	Keywords = {kernel density, hotspots},
	Number = {3},
	Pages = {268--292},
	Publisher = {John Wiley \& Sons},
	Title = {Local indicators of network-constrained clusters in spatial point patterns},
	Volume = {39},
	Year = {2007},
	Bdsk-File-1 = {YnBsaXN0MDDUAQIDBAUIJidUJHRvcFgkb2JqZWN0c1gkdmVyc2lvblkkYXJjaGl2ZXLRBgdUcm9vdIABqAkKFRYXGyIjVSRudWxs0wsMDQ4RFFpOUy5vYmplY3RzV05TLmtleXNWJGNsYXNzog8QgASABqISE4ACgAOAB1lhbGlhc0RhdGFccmVsYXRpdmVQYXRo0hgNGRpXTlMuZGF0YU8RBCIAAAAABCIAAgAABUdlb0RhAAAAAAAAAAAAAAAAAAAAAAAAAAAAAAAAAABIKwABAAAANhRZYW1hZGFfVGhpbGwyMDA3LnBkZgAAAAAAAAAAAAAAAAAAAAAAAAAAAAAAAAAAAAAAAAAAAAAAAAAAAAAAAAAAAACbAAAAAFBERiBDQVJP/////wAAERFhcwAAAAAAAAAAAAAAAAAHTklKX0xpdAAAEAAIAAAAAAAAAAAAEQAIAAAAAAAAAAAAAQAQAAAANgAAACoAAAAmAAAAEgACADxHZW9EYTpQcm9qZWN0czpOSUo6UHVibGljYXRpb25zOk5JSl9MaXQ6WWFtYWRhX1RoaWxsMjAwNy5wZGYADgAqABQAWQBhAG0AYQBkAGEAXwBUAGgAaQBsAGwAMgAwADAANwAuAHAAZABmAA8ADAAFAEcAZQBvAEQAYQASADcvUHJvamVjdHMvTklKL1B1YmxpY2F0aW9ucy9OSUpfTGl0L1lhbWFkYV9UaGlsbDIwMDcucGRmAAATAA4vVm9sdW1lcy9HZW9EYQAJAn8Cf2FmcG0AgAQEAAgAJgBGAGoAqgDqAS4AYQE3AVcAAAEAAnUAAAAAAAAAAAAAAAAAAAAAAAAAAAAAAAAAAAAAAAAAAAAAB2dlb2R1ZGUAAAAAAAAAAAAAAAAAAAAAAAAAAAAAAAAAAAAABUdlb0RhAAAAAAAAAAAAAAAAAAAAAAAAAAAAAAAAAAAAAAAAAAAAAAAAAAAAAAAAAAAAAAAAAAAAAAAAAAAAAAdlYW1hY2sxAAAAAAAAAAAAAAAAAAAAAAAAAAAAAAAAAAAAAAAAAAAAAAAAAAAAAAAAAAAAAAAAAAAAAAAAAAAAAAAAAAAAAAAAAAAAAAAAAAAAAAAAAAAAAAAAAAAAAAAAAAAAAAAAAAAAAAAAAAAAAAAAAAAAAAAAAAAAAAAAAAAAAAAAAAAAAAAAAAAAAAAAAAAAAAAAAAAAAAAAAAAAAAAAAAAAAAAAAAAAAAIRBGdlb2R1ZGUuYXN1LmVkdQgClamHRwIkAAAAAAAAAAAAAAAAAAAAAAAAAAAAAAAAAAAAAAAAAAAAAAAAAAAAAAAAAAAAAAAAAAAAAAAAAAAAAAAAAAAAAAAAAAAAAAAAAAAAAAAAAAAAAAAAAAAAAAAAAAAAAAAAAAAAAAAAAAAAAAAAAAAAAAAAAAAAAAAAAAAAAAAAAAAAAAAAAAAAAAAAAAAAAAAAAAAAAAAAAAAAAAAAAAAAAAAAAAAAAAAAAAAAAAAAAAAAAAAAAAAAAAAAAAAAAAAAAAAAAAAAAAAAAAAAAAAAAAAAAAAAAAAAAAAAAAAAAAAAAAAAAAAAAAAAAAAAAAAAAAAAAAAAAAAAAAAAAAAAAAAAAAAHZWFtYWNrMQAA//8AAIAF0hwdHh9YJGNsYXNzZXNaJGNsYXNzbmFtZaMfICFdTlNNdXRhYmxlRGF0YVZOU0RhdGFYTlNPYmplY3RfEFAuLi8uLi8uLi8uLi9Wb2x1bWVzL0dlb0RhL1Byb2plY3RzL05JSi9QdWJsaWNhdGlvbnMvTklKX0xpdC9ZYW1hZGFfVGhpbGwyMDA3LnBkZtIcHSQloiUhXE5TRGljdGlvbmFyeRIAAYagXxAPTlNLZXllZEFyY2hpdmVyAAgAEQAWAB8AKAAyADUAOgA8AEUASwBSAF0AZQBsAG8AcQBzAHYAeAB6AHwAhgCTAJgAoATGBMgEzQTWBOEE5QTzBPoFAwVWBVsFXgVrBXAAAAAAAAACAQAAAAAAAAAoAAAAAAAAAAAAAAAAAAAFgg==}}

@article{luchen2007false,
	Author = {Lu, Y. and Chen, X.},
	Date-Added = {2010-07-15 21:26:49 -0700},
	Date-Modified = {2010-07-15 21:26:49 -0700},
	Journal = {Social Science Research},
	Number = {2},
	Pages = {611--632},
	Publisher = {Elsevier},
	Title = {On the false alarm of planar K-function when analyzing urban crime distributed along streets},
	Volume = {36},
	Year = {2007}}

@article{okabeyamada2001,
	Author = {A. Okabe and I. Yamada},
	Date-Added = {2010-07-15 21:25:04 -0700},
	Date-Modified = {2010-07-16 16:26:31 -0700},
	Journal = {Geographical Analysis},
	Keywords = {local cluster},
	Pages = {271-290},
	Title = {The K-function method on a network and its computational implementation},
	Volume = {33(3)},
	Year = {2001}}

@article{yamada2010local,
	Author = {Yamada, I. and Thill, J.C.},
	Date-Added = {2010-07-15 21:23:44 -0700},
	Date-Modified = {2010-07-15 21:23:44 -0700},
	Journal = {Annals of the Association of American Geographers},
	Keywords = {kernel density},
	Number = {1},
	Pages = {1--1},
	Publisher = {Routledge},
	Title = {Local Indicators of Network-Constrained Clusters in Spatial Patterns Represented by a Link Attribute},
	Volume = {99999},
	Year = {2010},
	Bdsk-File-1 = {YnBsaXN0MDDUAQIDBAUIJidUJHRvcFgkb2JqZWN0c1gkdmVyc2lvblkkYXJjaGl2ZXLRBgdUcm9vdIABqAkKFRYXGyIjVSRudWxs0wsMDQ4RFFpOUy5vYmplY3RzV05TLmtleXNWJGNsYXNzog8QgASABqISE4ACgAOAB1lhbGlhc0RhdGFccmVsYXRpdmVQYXRo0hgNGRpXTlMuZGF0YU8RBCIAAAAABCIAAgAABUdlb0RhAAAAAAAAAAAAAAAAAAAAAAAAAAAAAAAAAABIKwABAAAANhRZYW1hZGFfVGhpbGwyMDEwLnBkZgAAAAAAAAAAAAAAAAAAAAAAAAAAAAAAAAAAAAAAAAAAAAAAAAAAAAAAAAAAAACcAAAAAFBERiBDQVJP/////wAAERFhcwAAAAAAAAAAAAAAAAAHTklKX0xpdAAAEAAIAAAAAAAAAAAAEQAIAAAAAAAAAAAAAQAQAAAANgAAACoAAAAmAAAAEgACADxHZW9EYTpQcm9qZWN0czpOSUo6UHVibGljYXRpb25zOk5JSl9MaXQ6WWFtYWRhX1RoaWxsMjAxMC5wZGYADgAqABQAWQBhAG0AYQBkAGEAXwBUAGgAaQBsAGwAMgAwADEAMAAuAHAAZABmAA8ADAAFAEcAZQBvAEQAYQASADcvUHJvamVjdHMvTklKL1B1YmxpY2F0aW9ucy9OSUpfTGl0L1lhbWFkYV9UaGlsbDIwMTAucGRmAAATAA4vVm9sdW1lcy9HZW9EYQAJAn8Cf2FmcG0AgAQEAAgAJgBGAGoAqgDqAS4AYQE3AVcAAAEAAnUAAAAAAAAAAAAAAAAAAAAAAAAAAAAAAAAAAAAAAAAAAAAAB2dlb2R1ZGUAAAAAAAAAAAAAAAAAAAAAAAAAAAAAAAAAAAAABUdlb0RhAAAAAAAAAAAAAAAAAAAAAAAAAAAAAAAAAAAAAAAAAAAAAAAAAAAAAAAAAAAAAAAAAAAAAAAAAAAAAAdlYW1hY2sxAAAAAAAAAAAAAAAAAAAAAAAAAAAAAAAAAAAAAAAAAAAAAAAAAAAAAAAAAAAAAAAAAAAAAAAAAAAAAAAAAAAAAAAAAAAAAAAAAAAAAAAAAAAAAAAAAAAAAAAAAAAAAAAAAAAAAAAAAAAAAAAAAAAAAAAAAAAAAAAAAAAAAAAAAAAAAAAAAAAAAAAAAAAAAAAAAAAAAAAAAAAAAAAAAAAAAAAAAAAAAAIRBGdlb2R1ZGUuYXN1LmVkdQgClamHRwIkAAAAAAAAAAAAAAAAAAAAAAAAAAAAAAAAAAAAAAAAAAAAAAAAAAAAAAAAAAAAAAAAAAAAAAAAAAAAAAAAAAAAAAAAAAAAAAAAAAAAAAAAAAAAAAAAAAAAAAAAAAAAAAAAAAAAAAAAAAAAAAAAAAAAAAAAAAAAAAAAAAAAAAAAAAAAAAAAAAAAAAAAAAAAAAAAAAAAAAAAAAAAAAAAAAAAAAAAAAAAAAAAAAAAAAAAAAAAAAAAAAAAAAAAAAAAAAAAAAAAAAAAAAAAAAAAAAAAAAAAAAAAAAAAAAAAAAAAAAAAAAAAAAAAAAAAAAAAAAAAAAAAAAAAAAAAAAAAAAAAAAAAAAAHZWFtYWNrMQAA//8AAIAF0hwdHh9YJGNsYXNzZXNaJGNsYXNzbmFtZaMfICFdTlNNdXRhYmxlRGF0YVZOU0RhdGFYTlNPYmplY3RfEFAuLi8uLi8uLi8uLi9Wb2x1bWVzL0dlb0RhL1Byb2plY3RzL05JSi9QdWJsaWNhdGlvbnMvTklKX0xpdC9ZYW1hZGFfVGhpbGwyMDEwLnBkZtIcHSQloiUhXE5TRGljdGlvbmFyeRIAAYagXxAPTlNLZXllZEFyY2hpdmVyAAgAEQAWAB8AKAAyADUAOgA8AEUASwBSAF0AZQBsAG8AcQBzAHYAeAB6AHwAhgCTAJgAoATGBMgEzQTWBOEE5QTzBPoFAwVWBVsFXgVrBXAAAAAAAAACAQAAAAAAAAAoAAAAAAAAAAAAAAAAAAAFgg==}}

@article{okabe2009kernel,
	Author = {Okabe, A. and Satoh, T. and Sugihara, K.},
	Date-Added = {2010-07-15 21:23:27 -0700},
	Date-Modified = {2010-07-15 21:23:27 -0700},
	Journal = {International Journal of Geographical Information Science},
	Keywords = {kernel density},
	Number = {1},
	Pages = {7--32},
	Publisher = {Taylor \& Francis, Inc.},
	Title = {A kernel density estimation method for networks, its computational method and a GIS-based tool},
	Volume = {23},
	Year = {2009},
	Bdsk-File-1 = {YnBsaXN0MDDUAQIDBAUIJidUJHRvcFgkb2JqZWN0c1gkdmVyc2lvblkkYXJjaGl2ZXLRBgdUcm9vdIABqAkKFRYXGyIjVSRudWxs0wsMDQ4RFFpOUy5vYmplY3RzV05TLmtleXNWJGNsYXNzog8QgASABqISE4ACgAOAB1lhbGlhc0RhdGFccmVsYXRpdmVQYXRo0hgNGRpXTlMuZGF0YU8RBEIAAAAABEIAAgAABUdlb0RhAAAAAAAAAAAAAAAAAAAAAAAAAAAAAAAAAABIKwABAAAANhxPa2FiZV9TYXRvaF9TdWdpaGFyYTIwMDkucGRmAAAAAAAAAAAAAAAAAAAAAAAAAAAAAAAAAAAAAAAAAAAAAAAAAACCAAAAAFBERiBDQVJP/////wAAERFhcwAAAAAAAAAAAAAAAAAHTklKX0xpdAAAEAAIAAAAAAAAAAAAEQAIAAAAAAAAAAAAAQAQAAAANgAAACoAAAAmAAAAEgACAERHZW9EYTpQcm9qZWN0czpOSUo6UHVibGljYXRpb25zOk5JSl9MaXQ6T2thYmVfU2F0b2hfU3VnaWhhcmEyMDA5LnBkZgAOADoAHABPAGsAYQBiAGUAXwBTAGEAdABvAGgAXwBTAHUAZwBpAGgAYQByAGEAMgAwADAAOQAuAHAAZABmAA8ADAAFAEcAZQBvAEQAYQASAD8vUHJvamVjdHMvTklKL1B1YmxpY2F0aW9ucy9OSUpfTGl0L09rYWJlX1NhdG9oX1N1Z2loYXJhMjAwOS5wZGYAABMADi9Wb2x1bWVzL0dlb0RhAAkCfwJ/YWZwbQCABAQACAAmAEYAagCqAOoBLgBhATcBVwAAAQACdQAAAAAAAAAAAAAAAAAAAAAAAAAAAAAAAAAAAAAAAAAAAAAHZ2VvZHVkZQAAAAAAAAAAAAAAAAAAAAAAAAAAAAAAAAAAAAAFR2VvRGEAAAAAAAAAAAAAAAAAAAAAAAAAAAAAAAAAAAAAAAAAAAAAAAAAAAAAAAAAAAAAAAAAAAAAAAAAAAAAB2VhbWFjazEAAAAAAAAAAAAAAAAAAAAAAAAAAAAAAAAAAAAAAAAAAAAAAAAAAAAAAAAAAAAAAAAAAAAAAAAAAAAAAAAAAAAAAAAAAAAAAAAAAAAAAAAAAAAAAAAAAAAAAAAAAAAAAAAAAAAAAAAAAAAAAAAAAAAAAAAAAAAAAAAAAAAAAAAAAAAAAAAAAAAAAAAAAAAAAAAAAAAAAAAAAAAAAAAAAAAAAAAAAAAAAhEEZ2VvZHVkZS5hc3UuZWR1CAKVqYdHAiQAAAAAAAAAAAAAAAAAAAAAAAAAAAAAAAAAAAAAAAAAAAAAAAAAAAAAAAAAAAAAAAAAAAAAAAAAAAAAAAAAAAAAAAAAAAAAAAAAAAAAAAAAAAAAAAAAAAAAAAAAAAAAAAAAAAAAAAAAAAAAAAAAAAAAAAAAAAAAAAAAAAAAAAAAAAAAAAAAAAAAAAAAAAAAAAAAAAAAAAAAAAAAAAAAAAAAAAAAAAAAAAAAAAAAAAAAAAAAAAAAAAAAAAAAAAAAAAAAAAAAAAAAAAAAAAAAAAAAAAAAAAAAAAAAAAAAAAAAAAAAAAAAAAAAAAAAAAAAAAAAAAAAAAAAAAAAAAAAAAAAAAAAAAdlYW1hY2sxAAD//wAAgAXSHB0eH1gkY2xhc3Nlc1okY2xhc3NuYW1lox8gIV1OU011dGFibGVEYXRhVk5TRGF0YVhOU09iamVjdF8QWC4uLy4uLy4uLy4uL1ZvbHVtZXMvR2VvRGEvUHJvamVjdHMvTklKL1B1YmxpY2F0aW9ucy9OSUpfTGl0L09rYWJlX1NhdG9oX1N1Z2loYXJhMjAwOS5wZGbSHB0kJaIlIVxOU0RpY3Rpb25hcnkSAAGGoF8QD05TS2V5ZWRBcmNoaXZlcgAIABEAFgAfACgAMgA1ADoAPABFAEsAUgBdAGUAbABvAHEAcwB2AHgAegB8AIYAkwCYAKAE5gToBO0E9gUBBQUFEwUaBSMFfgWDBYYFkwWYAAAAAAAAAgEAAAAAAAAAKAAAAAAAAAAAAAAAAAAABao=}}

@article{xie2008kernel,
	Author = {Xie, Z. and Yan, J.},
	Date-Added = {2010-07-15 21:22:05 -0700},
	Date-Modified = {2010-07-15 21:22:05 -0700},
	Journal = {Computers, Environment and Urban Systems},
	Keywords = {kernel density},
	Number = {5},
	Pages = {396--406},
	Publisher = {Elsevier},
	Title = {Kernel Density Estimation of traffic accidents in a network space},
	Volume = {32},
	Year = {2008},
	Bdsk-File-1 = {YnBsaXN0MDDUAQIDBAUIJidUJHRvcFgkb2JqZWN0c1gkdmVyc2lvblkkYXJjaGl2ZXLRBgdUcm9vdIABqAkKFRYXGyIjVSRudWxs0wsMDQ4RFFpOUy5vYmplY3RzV05TLmtleXNWJGNsYXNzog8QgASABqISE4ACgAOAB1lhbGlhc0RhdGFccmVsYXRpdmVQYXRo0hgNGRpXTlMuZGF0YU8RBA4AAAAABA4AAgAABUdlb0RhAAAAAAAAAAAAAAAAAAAAAAAAAAAAAAAAAABIKwABAAAANg9YaWVfWWFuMjAwOC5wZGYAAAAAAAAAAAAAAAAAAAAAAAAAAAAAAAAAAAAAAAAAAAAAAAAAAAAAAAAAAAAAAAAAAACXAAAAAFBERiBDQVJP/////wAAERFhcwAAAAAAAAAAAAAAAAAHTklKX0xpdAAAEAAIAAAAAAAAAAAAEQAIAAAAAAAAAAAAAQAQAAAANgAAACoAAAAmAAAAEgACADdHZW9EYTpQcm9qZWN0czpOSUo6UHVibGljYXRpb25zOk5JSl9MaXQ6WGllX1lhbjIwMDgucGRmAAAOACAADwBYAGkAZQBfAFkAYQBuADIAMAAwADgALgBwAGQAZgAPAAwABQBHAGUAbwBEAGEAEgAyL1Byb2plY3RzL05JSi9QdWJsaWNhdGlvbnMvTklKX0xpdC9YaWVfWWFuMjAwOC5wZGYAEwAOL1ZvbHVtZXMvR2VvRGEACQJ/An9hZnBtAIAEBAAIACYARgBqAKoA6gEuAGEBNwFXAAABAAJ1AAAAAAAAAAAAAAAAAAAAAAAAAAAAAAAAAAAAAAAAAAAAAAdnZW9kdWRlAAAAAAAAAAAAAAAAAAAAAAAAAAAAAAAAAAAAAAVHZW9EYQAAAAAAAAAAAAAAAAAAAAAAAAAAAAAAAAAAAAAAAAAAAAAAAAAAAAAAAAAAAAAAAAAAAAAAAAAAAAAHZWFtYWNrMQAAAAAAAAAAAAAAAAAAAAAAAAAAAAAAAAAAAAAAAAAAAAAAAAAAAAAAAAAAAAAAAAAAAAAAAAAAAAAAAAAAAAAAAAAAAAAAAAAAAAAAAAAAAAAAAAAAAAAAAAAAAAAAAAAAAAAAAAAAAAAAAAAAAAAAAAAAAAAAAAAAAAAAAAAAAAAAAAAAAAAAAAAAAAAAAAAAAAAAAAAAAAAAAAAAAAAAAAAAAAACEQRnZW9kdWRlLmFzdS5lZHUIApWph0cCJAAAAAAAAAAAAAAAAAAAAAAAAAAAAAAAAAAAAAAAAAAAAAAAAAAAAAAAAAAAAAAAAAAAAAAAAAAAAAAAAAAAAAAAAAAAAAAAAAAAAAAAAAAAAAAAAAAAAAAAAAAAAAAAAAAAAAAAAAAAAAAAAAAAAAAAAAAAAAAAAAAAAAAAAAAAAAAAAAAAAAAAAAAAAAAAAAAAAAAAAAAAAAAAAAAAAAAAAAAAAAAAAAAAAAAAAAAAAAAAAAAAAAAAAAAAAAAAAAAAAAAAAAAAAAAAAAAAAAAAAAAAAAAAAAAAAAAAAAAAAAAAAAAAAAAAAAAAAAAAAAAAAAAAAAAAAAAAAAAAAAAAAAAAB2VhbWFjazEAAP//AACABdIcHR4fWCRjbGFzc2VzWiRjbGFzc25hbWWjHyAhXU5TTXV0YWJsZURhdGFWTlNEYXRhWE5TT2JqZWN0XxBLLi4vLi4vLi4vLi4vVm9sdW1lcy9HZW9EYS9Qcm9qZWN0cy9OSUovUHVibGljYXRpb25zL05JSl9MaXQvWGllX1lhbjIwMDgucGRm0hwdJCWiJSFcTlNEaWN0aW9uYXJ5EgABhqBfEA9OU0tleWVkQXJjaGl2ZXIACAARABYAHwAoADIANQA6ADwARQBLAFIAXQBlAGwAbwBxAHMAdgB4AHoAfACGAJMAmACgBLIEtAS5BMIEzQTRBN8E5gTvBT0FQgVFBVIFVwAAAAAAAAIBAAAAAAAAACgAAAAAAAAAAAAAAAAAAAVp}}

@article{levine1995spatial,
	Author = {Levine, N. and Kim, K.E. and Nitz, L.H.},
	Date-Added = {2010-07-15 21:17:05 -0700},
	Date-Modified = {2010-07-15 21:17:05 -0700},
	Journal = {Accident Analysis \& Prevention},
	Number = {5},
	Pages = {663--674},
	Publisher = {Elsevier},
	Title = {Spatial analysis of Honolulu motor vehicle crashes: I. Spatial patterns* 1},
	Volume = {27},
	Year = {1995}}

@article{black1991highway,
	Author = {Black, W.R.},
	Date-Added = {2010-07-15 21:15:32 -0700},
	Date-Modified = {2010-07-16 17:04:52 -0700},
	Journal = {Transportation Research Record},
	Keywords = {spatial autocorrelation},
	Pages = {75-82},
	Title = {Highway accidents: a spatial and temporal analysis},
	Volume = {1318},
	Year = {1991}}

@article{borruso2008network,
	Author = {Borruso, G.},
	Date-Added = {2010-07-15 21:06:08 -0700},
	Date-Modified = {2010-07-15 21:06:08 -0700},
	Journal = {Transactions in GIS},
	Keywords = {kernel density},
	Number = {3},
	Pages = {377--402},
	Publisher = {John Wiley \& Sons},
	Title = {Network density estimation: A GIS approach for analysing point patterns in a network space},
	Volume = {12},
	Year = {2008},
	Bdsk-File-1 = {YnBsaXN0MDDUAQIDBAUIJidUJHRvcFgkb2JqZWN0c1gkdmVyc2lvblkkYXJjaGl2ZXLRBgdUcm9vdIABqAkKFRYXGyIjVSRudWxs0wsMDQ4RFFpOUy5vYmplY3RzV05TLmtleXNWJGNsYXNzog8QgASABqISE4ACgAOAB1lhbGlhc0RhdGFccmVsYXRpdmVQYXRo0hgNGRpXTlMuZGF0YU8RAaAAAAAAAaAAAgAADE1hY2ludG9zaCBIRAAAAAAAAAAAAAAAAAAAAMgRxXNIKwAAAA1fgQ9ib3JydXNvMjAwOC5wZGYAAAAAAAAAAAAAAAAAAAAAAAAAAAAAAAAAAAAAAAAAAAAAAAAAAAAAAAAAAAAAAAAADWBIAAAAAFBERiBDQVJPAAEAAgAACSAAAAAAAAAAAAAAAAAAAAAHTklKX0xpdAAAEAAIAADIEifjAAAAEQAIAAAAAAAAAAAAAQAUAA1fgQAMFvYABlThAAWruQAAkZ8AAgBATWFjaW50b3NoIEhEOlVzZXJzOmVsaXphYmV0aG1hY2s6TGl6Ok5JSjpOSUpfTGl0OmJvcnJ1c28yMDA4LnBkZgAOACAADwBiAG8AcgByAHUAcwBvADIAMAAwADgALgBwAGQAZgAPABoADABNAGEAYwBpAG4AdABvAHMAaAAgAEgARAASADNVc2Vycy9lbGl6YWJldGhtYWNrL0xpei9OSUovTklKX0xpdC9ib3JydXNvMjAwOC5wZGYAABMAAS8AABUAAgAU//8AAIAF0hwdHh9YJGNsYXNzZXNaJGNsYXNzbmFtZaMfICFdTlNNdXRhYmxlRGF0YVZOU0RhdGFYTlNPYmplY3RfEBouLi9OSUpfTGl0L2JvcnJ1c28yMDA4LnBkZtIcHSQloiUhXE5TRGljdGlvbmFyeRIAAYagXxAPTlNLZXllZEFyY2hpdmVyAAgAEQAWAB8AKAAyADUAOgA8AEUASwBSAF0AZQBsAG8AcQBzAHYAeAB6AHwAhgCTAJgAoAJEAkYCSwJUAl8CYwJxAngCgQKeAqMCpgKzArgAAAAAAAACAQAAAAAAAAAoAAAAAAAAAAAAAAAAAAACyg==}}

@article{yamada2004comparison,
	Author = {Yamada, I. and Thill, J.C.},
	Date-Added = {2010-07-15 21:03:17 -0700},
	Date-Modified = {2010-07-15 21:03:17 -0700},
	Journal = {Journal of Transport Geography},
	Keywords = {kernel density, point pattern},
	Number = {2},
	Pages = {149--158},
	Publisher = {Elsevier},
	Title = {Comparison of planar and network K-functions in traffic accident analysis},
	Volume = {12},
	Year = {2004},
	Bdsk-File-1 = {YnBsaXN0MDDUAQIDBAUIJidUJHRvcFgkb2JqZWN0c1gkdmVyc2lvblkkYXJjaGl2ZXLRBgdUcm9vdIABqAkKFRYXGyIjVSRudWxs0wsMDQ4RFFpOUy5vYmplY3RzV05TLmtleXNWJGNsYXNzog8QgASABqISE4ACgAOAB1lhbGlhc0RhdGFccmVsYXRpdmVQYXRo0hgNGRpXTlMuZGF0YU8RAbQAAAAAAbQAAgAADE1hY2ludG9zaCBIRAAAAAAAAAAAAAAAAAAAAMgRxXNIKwAAAA1fgRRZYW1hZGFfVGhpbGwyMDA0LnBkZgAAAAAAAAAAAAAAAAAAAAAAAAAAAAAAAAAAAAAAAAAAAAAAAAAAAAAAAAAADWC4AAAAAFBERiBDQVJPAAEAAgAACSAAAAAAAAAAAAAAAAAAAAAHTklKX0xpdAAAEAAIAADIEifjAAAAEQAIAAAAAAAAAAAAAQAUAA1fgQAMFvYABlThAAWruQAAkZ8AAgBFTWFjaW50b3NoIEhEOlVzZXJzOmVsaXphYmV0aG1hY2s6TGl6Ok5JSjpOSUpfTGl0OllhbWFkYV9UaGlsbDIwMDQucGRmAAAOACoAFABZAGEAbQBhAGQAYQBfAFQAaABpAGwAbAAyADAAMAA0AC4AcABkAGYADwAaAAwATQBhAGMAaQBuAHQAbwBzAGgAIABIAEQAEgA4VXNlcnMvZWxpemFiZXRobWFjay9MaXovTklKL05JSl9MaXQvWWFtYWRhX1RoaWxsMjAwNC5wZGYAEwABLwAAFQACABT//wAAgAXSHB0eH1gkY2xhc3Nlc1okY2xhc3NuYW1lox8gIV1OU011dGFibGVEYXRhVk5TRGF0YVhOU09iamVjdF8QHy4uL05JSl9MaXQvWWFtYWRhX1RoaWxsMjAwNC5wZGbSHB0kJaIlIVxOU0RpY3Rpb25hcnkSAAGGoF8QD05TS2V5ZWRBcmNoaXZlcgAIABEAFgAfACgAMgA1ADoAPABFAEsAUgBdAGUAbABvAHEAcwB2AHgAegB8AIYAkwCYAKACWAJaAl8CaAJzAncChQKMApUCtwK8Ar8CzALRAAAAAAAAAgEAAAAAAAAAKAAAAAAAAAAAAAAAAAAAAuM=}}

@article{blackthomas1998,
	Abstract = {A method of assessing the extent to which the value of a variable on a given segment of a 
network influences values of that variable on contiguous segments is examined here. The 
method uses network autocorrelation analysis, a network variant of spatial autocorrelation 
analysis, and Moran's I statistic to make the assessment. Illustrations of positive and 
negative network autocorrelation are given and interpreted for several simple linear 
networks. An empirical sampling distribution for the case of a ten link network is derived 
based on 100000 samples; this distribution is compared with a normal distribution and 
found not to be significantly different. Use of network autocorrelation analysis with more 
complex networks is demonstrated using 1991 motor vehicle accident rates for a portion of 
the motorway network of Belgium. A significant level of positive network autocorrelation is 
observed. It is further demonstrated that the source of the observed positive covariation can 
be identified using a secondary analysis that focuses on the motorway and ring road compo- 
nents of the overall system to identify those portions of the network that are the major 
sources of the positive autocorrelation. A further analysis reveals that the major sources of 
this positive covariation have been properly identified. 0 1998 Elsevier Science Ltd. All rights 
reserved 
},
	Author = {W Black and I Thomas},
	Date-Added = {2010-07-15 20:48:38 -0700},
	Date-Modified = {2010-07-15 21:08:49 -0700},
	Journal = {Journal of Transport Geography},
	Keywords = {network, spatial autocorrelation},
	Local-Url = {file://localhost/Users/luis/Documents/Papers/1998/Black/Black-Journal%20of%20Transport%20Geography-1998.pdf},
	Month = {Jan},
	Number = {1},
	Pages = {23--31},
	Pmid = {1157322365732872695related:92EfVI-iDxAJ},
	Rating = {0},
	Read = {Yes},
	Title = {Accidents on belgium's motorways: a network autocorrelation analysis},
	Uri = {papers://D4A872D3-CF58-4C94-9297-8E5ED09D4A9A/Paper/p1514},
	Url = {http://linkinghub.elsevier.com/retrieve/pii/S0966692397000379},
	Volume = {6},
	Year = {1998},
	Bdsk-Url-1 = {http://linkinghub.elsevier.com/retrieve/pii/S0966692397000379}}
